<record><leader>00000cas a2200000 a 4500</leader><controlfield tag="001">42334906</controlfield><controlfield tag="008">990909d1937199uoruwr ne      0    0eng c</controlfield><datafield ind1=" " ind2=" " tag="010"><subfield code="a">sn 99063863 </subfield></datafield><datafield ind1=" " ind2=" " tag="040"><subfield code="a">OCN</subfield><subfield code="b">eng</subfield><subfield code="c">OCN</subfield><subfield code="d">DLC</subfield><subfield code="d">OCLCQ</subfield><subfield code="d">OCLCF</subfield><subfield code="d">OCLCO</subfield></datafield><datafield ind1="1" ind2=" " tag="029"><subfield code="a">AU@</subfield><subfield code="b">000041633993</subfield></datafield><datafield ind1=" " ind2=" " tag="042"><subfield code="a">pcc</subfield></datafield><datafield ind1=" " ind2=" " tag="043"><subfield code="a">n-us-or</subfield></datafield><datafield ind1="0" ind2="0" tag="245"><subfield code="a">Nyssa gate city journal.</subfield></datafield><datafield ind1="1" ind2="3" tag="246"><subfield code="a">Gate city journal</subfield></datafield><datafield ind1=" " ind2=" " tag="260"><subfield code="a">Nyssa, Or. :</subfield><subfield code="b">Berwyn Burke,</subfield><subfield code="c">1937-</subfield></datafield><datafield ind1=" " ind2=" " tag="300"><subfield code="a">v.</subfield></datafield><datafield ind1=" " ind2=" " tag="310"><subfield code="a">Weekly</subfield></datafield><datafield ind1="0" ind2=" " tag="362"><subfield code="a">Vol. 32, no. 4 (Jan. 28, 1937)-</subfield></datafield><datafield ind1=" " ind2=" " tag="500"><subfield code="a">1937-1939 includes newspaper published during school terms by Nyssa High School students.</subfield></datafield><datafield ind1=" " ind2=" " tag="530"><subfield code="a">Also issued on microfilm from University of Oregon.</subfield></datafield><datafield ind1=" " ind2=" " tag="588"><subfield code="a">Latest issue consulted: Vol. 84, no. 11 (May 23, 1990).</subfield></datafield><datafield ind1=" " ind2="0" tag="651"><subfield code="a">Nyssa (Or.)</subfield><subfield code="v">Newspapers.</subfield></datafield><datafield ind1=" " ind2="7" tag="655"><subfield code="a">Newspapers.</subfield><subfield code="2">fast</subfield><subfield code="0">(OCoLC)fst01423814</subfield></datafield><datafield ind1=" " ind2="7" tag="651"><subfield code="a">Oregon</subfield><subfield code="z">Nyssa.</subfield><subfield code="2">fast</subfield><subfield code="0">(OCoLC)fst01221348</subfield></datafield><datafield ind1="0" ind2="2" tag="740"><subfield code="a">Nyssa junior gate city journal.</subfield></datafield><datafield ind1=" " ind2=" " tag="752"><subfield code="a">United States</subfield><subfield code="b">Oregon</subfield><subfield code="c">Malheur</subfield><subfield code="d">Nyssa.</subfield></datafield><datafield ind1="0" ind2="0" tag="780"><subfield code="t">Gate city journal (Nyssa, Or.)</subfield><subfield code="w">(DLC)sn 99063862</subfield></datafield></record>